<?xml version="1.0" encoding="UTF-8"?><collection xmlns="http://www.loc.gov/MARC21/slim"><record><leader>00451nam--2200133-i-4500</leader><controlfield tag="001">000026655</controlfield><controlfield tag="002">20161230</controlfield><controlfield tag="005">20161230201036</controlfield><controlfield tag="008">060222s1000------------r-----000-0-eng-d</controlfield><datafield ind1=" " ind2=" " tag="080"><subfield code="a">625.24(08)</subfield></datafield><datafield ind1=" " ind2=" " tag="245"><subfield code="a">Instructiuni pt.verificarea vagoanelor cisterna. nr.1-124-75. ed.oficiala</subfield></datafield><datafield ind1=" " ind2=" " tag="260"><subfield code="a">Bucuresti, Ed.Tehnica, 1975, 24p</subfield></datafield><datafield ind1=" " ind2=" " tag="490"><subfield code="a">Inspectoratul Central De Stat Pt.Controlul Calitatii Produselor Institutul National De Metrologie</subfield></datafield><datafield ind1=" " ind2=" " tag="852"><subfield code="a">43533</subfield></datafield></record></collection>